@article{blanco2019benchmarking,
  title={Benchmarking Particle Filter Algorithms for Efficient Velodyne-Based Vehicle Localization},
  author={Blanco-Claraco, Jose Luis and Mañas-Alvarez, Francisco and Torres-Moreno, Jose Luis and Rodriguez, Francisco and Gimenez-Fernandez, Antonio},
  journal={Sensors},
  volume={19},
  number={14},
  pages={3155},
  year={2019},
  publisher={Multidisciplinary Digital Publishing Institute}
}

@article{manas2020byWire,
  title={Modelado y control multivariable del vehículo urbano eléctrico UAL-eCARM},
  author={Mañas-Álvarez, Francisco José and Blanco-Claraco, Jose Luis and Torres-Moreno, Jose Luis and Gimenez-Fernandez, Antonio},
  journal={Revista Iberoamericana  de Automática e Informática Industrial},
  volume={??},
  number={??},
  pages={????},
  year={2020}
}